@phdthesis{ahadjitse2013reconnaissance,
	title={Reconnaissance d'objets en mouvement dans la vid{\'e}o par description g{\'e}om{\'e}trique et apprentissage supervis{\'e}},
	author={Ahadjitse, Yaovi},
	year={2013},
	school={Universit{\'e} du Qu{\'e}bec en Outaouais}
}

@article{deepa2021ai,
	title={An AI-based intelligent system for healthcare analysis using Ridge-Adaline Stochastic Gradient Descent Classifier},
	author={Deepa, Natarajan and Prabadevi, B and Maddikunta, Praveen Kumar and Gadekallu, Thippa Reddy and Baker, Thar and Khan, M Ajmal and Tariq, Usman},
	journal={The Journal of Supercomputing},
	volume={77},
	pages={1998--2017},
	year={2021},
	publisher={Springer}
}
@incollection{bottou2010large,
	title={Large-scale machine learning with stochastic gradient descent},
	author={Bottou, L{\'e}on},
	booktitle={Proceedings of COMPSTAT'2010},
	pages={177--186},
	year={2010},
	publisher={Springer}
}

@incollection{bottou2012stochastic,
	title={Stochastic gradient descent tricks},
	author={Bottou, L{\'e}on},
	booktitle={Neural networks: Tricks of the trade},
	pages={421--436},
	year={2012},
	publisher={Springer}
}

@article{framling2004scaled,
	title={Scaled Gradient Descent Learning Rate},
	author={Fr{\"a}mling, Kary},
	journal={Reinforcement Learning With Light-Seeking Robot, Proceedings of ICINCO},
	pages={1--8},
	year={2004}
}
@article{amari1993backpropagation,
	title={Backpropagation and stochastic gradient descent method},
	author={Amari, Shun-ichi},
	journal={Neurocomputing},
	volume={5},
	number={4-5},
	pages={185--196},
	year={1993},
	publisher={Elsevier}
}

@inproceedings{friess1999kernel,
	title={A kernel based adaline.},
	author={Frie{\ss}, Thilo-Thomas and Harrison, Robert F},
	booktitle={ESANN},
	volume={72},
	pages={21--23},
	year={1999},
	organization={Citeseer}
}
@book{bishop2006pattern,
	author={Christopher M. Bishop},
	title={Pattern Recognition and Machine Learning},
	year      = {2006},
	publisher = {Springer-Verlag New York},
	pages   = {179--195},
	edition = {First}
}

@inproceedings{wijnhoven2010fast,
	title={Fast training of object detection using stochastic gradient descent},
	author={Wijnhoven, Rob GJ and de With, PHN},
	booktitle={2010 20th International Conference on Pattern Recognition},
	pages={424--427},
	year={2010},
	organization={IEEE}
}
@article{akheel2021stochastic,
	title={Stochastic gradient descent linear collaborative discriminant regression classification based face recognition},
	author={Akheel, T Syed and Shree, V Usha and Mastani, S Aruna},
	journal={Evolutionary Intelligence},
	pages={1--15},
	year={2021},
	publisher={Springer}
}

@book{ml2008python,
	author = {Sebastien Raschka, Vahid Mirjalili},
	title = {Python Machine Learning and Deep Learning, with sckit-learn and Tensorflow },
	year  = {2017},
	publisher = {Packt},
	pages = {17--139},
	edition = {2nd}
}

@book{antoine2018apprentissage,
	author={Antoine Cornu√©jols, Laurent Michet, Vincent Barra},
	title={Apprentissage automatique : Deep leaning, concepts et algorithmes},
	year = {2018},
	publisher= {Eyrolles},
	pages = {239--263},
	edition = {3rd}
} 

@online{ibm2017cv,
	author = {IBM Corporation},
	title = {What is Computer Vision?},
	year = 2017,
	url = {https://www.ibm.com/topics/computer-vision},
	urldate = {2017-08-01}
}

@ARTICLE{knuth:1974,
	author = {Knuth, Donald E.},
	title = {{C}omputer {P}rogramming as an {A}rt},
	journal = {Communications of the ACM},
	year = {1974},
	volume = {17},
	pages = {667--673},
	number = {12},
	address = {New York, NY, USA},
	publisher = {ACM Press}
}





