@phdthesis{ahadjitse2013reconnaissance,
	title={Reconnaissance d'objets en mouvement dans la vid{\'e}o par description g{\'e}om{\'e}trique et apprentissage supervis{\'e}},
	author={Ahadjitse, Yaovi},
	year={2013},
	school={Universit{\'e} du Qu{\'e}bec en Outaouais}
}

@article{deepa2021ai,
	title={An AI-based intelligent system for healthcare analysis using Ridge-Adaline Stochastic Gradient Descent Classifier},
	author={Deepa, Natarajan and Prabadevi, B and Maddikunta, Praveen Kumar and Gadekallu, Thippa Reddy and Baker, Thar and Khan, M Ajmal and Tariq, Usman},
	journal={The Journal of Supercomputing},
	volume={77},
	pages={1998--2017},
	year={2021},
	publisher={Springer}
}
@incollection{bottou2010large,
	title={Large-scale machine learning with stochastic gradient descent},
	author={Bottou, L{\'e}on},
	booktitle={Proceedings of COMPSTAT'2010},
	pages={177--186},
	year={2010},
	publisher={Springer}
}

@incollection{bottou2012stochastic,
	title={Stochastic gradient descent tricks},
	author={Bottou, L{\'e}on},
	booktitle={Neural networks: Tricks of the trade},
	pages={421--436},
	year={2012},
	publisher={Springer}
}

@article{framling2004scaled,
	title={Scaled Gradient Descent Learning Rate},
	author={Fr{\"a}mling, Kary},
	journal={Reinforcement Learning With Light-Seeking Robot, Proceedings of ICINCO},
	pages={1--8},
	year={2004}
}
@article{amari1993backpropagation,
	title={Backpropagation and stochastic gradient descent method},
	author={Amari, Shun-ichi},
	journal={Neurocomputing},
	volume={5},
	number={4-5},
	pages={185--196},
	year={1993},
	publisher={Elsevier}
}

@inproceedings{friess1999kernel,
	title={A kernel based adaline.},
	author={Frie{\ss}, Thilo-Thomas and Harrison, Robert F},
	booktitle={ESANN},
	volume={72},
	pages={21--23},
	year={1999},
	organization={Citeseer}
}
@book{bishop2006pattern,
	author={Christopher M. Bishop},
	title={Pattern Recognition and Machine Learning},
	year      = {2006},
	publisher = {Springer-Verlag New York},
	pages   = {179--195},
	edition = {First}
}

@inproceedings{wijnhoven2010fast,
	title={Fast training of object detection using stochastic gradient descent},
	author={Wijnhoven, Rob GJ and de With, PHN},
	booktitle={2010 20th International Conference on Pattern Recognition},
	pages={424--427},
	year={2010},
	organization={IEEE}
}
@article{akheel2021stochastic,
	title={Stochastic gradient descent linear collaborative discriminant regression classification based face recognition},
	author={Akheel, T Syed and Shree, V Usha and Mastani, S Aruna},
	journal={Evolutionary Intelligence},
	pages={1--15},
	year={2021},
	publisher={Springer}
}

@book{ml2008python,
	author = {Sebastien Raschka, Vahid Mirjalili},
	title = {Python Machine Learning and Deep Learning, with sckit-learn and Tensorflow },
	year  = {2017},
	publisher = {Packt},
	pages = {17--139},
	edition = {2nd}
}

@book{antoine2018apprentissage,
	author={Antoine Cornuéjols, Laurent Michet, Vincent Barra},
	title={Apprentissage artificiel : Deep leaning, concepts et algorithmes},
	year = {2018},
	publisher= {Eyrolles},
	pages = {239--263},
	edition = {3rd}
} 

@online{ibm2017cv,
	author = {IBM Corporation},
	title = {What is Computer Vision?},
	year = 2017,
	url = {https://www.ibm.com/topics/computer-vision},
	urldate = {2017-08-01}
}

@article{knuth:1974,
	author = {Knuth, Donald E.},
	title = {{C}omputer {P}rogramming as an {A}rt},
	journal = {Communications of the ACM},
	year = {1974},
	volume = {17},
	pages = {667--673},
	number = {12},
	address = {New York, NY, USA},
	publisher = {ACM Press}
}


@book{jtshiman:2021,
	title={Numerical optimization},
	author={Nocedal, Jorge and Wright, Stephen J},
	journal={Springer Science},
	volume={35},
	year={1999}
}

@article{bottou2018optimization,
	title={Optimization methods for large-scale machine learning},
	author={Bottou, L{\'e}on and Curtis, Frank E and Nocedal, Jorge},
	journal={Siam Review},
	volume={60},
	number={2},
	pages={223--311},
	year={2018},
	publisher={SIAM}
}

@incollection{cunningham2008supervised,
	title={Supervised learning},
	author={Cunningham, P{\'a}draig and Cord, Matthieu and Delany, Sarah Jane},
	booktitle={Machine learning techniques for multimedia},
	pages={21--49},
	year={2008},
	publisher={Springer}
}

@inproceedings{caruana2006empirical,
	title={An empirical comparison of supervised learning algorithms},
	author={Caruana, Rich and Niculescu-Mizil, Alexandru},
	booktitle={Proceedings of the 23rd international conference on Machine learning},
	pages={161--168},
	year={2006}
}

@article{netrapalli2019stochastic,
	title={Stochastic gradient descent and its variants in machine learning},
	author={Netrapalli, Praneeth},
	journal={Journal of the Indian Institute of Science},
	volume={99},
	number={2},
	pages={201--213},
	year={2019},
	publisher={Springer}
}

@article{lydia2019adagrad,
	title={Adagrad—an optimizer for stochastic gradient descent},
	author={Lydia, Agnes and Francis, Sagayaraj},
	journal={Int. J. Inf. Comput. Sci},
	volume={6},
	number={5},
	pages={566--568},
	year={2019}
}

@book{ibm2018ml,
	author={Judith Hurwitz, Daniel Kirsch},
	title={Machine Learning For Dummies},
	year = {2018},
	publisher= {John Wiley and Sons, Inc.},
	edition = {IBM Limited Edition}
	address = {111 River St. Hoboken, NJ 07030-5774}
}

@article{freund1999large,
	title={Large margin classification using the perceptron algorithm},
	author={Freund, Yoav and Schapire, Robert E},
	journal={Machine learning},
	volume={37},
	number={3},
	pages={277--296},
	year={1999},
	publisher={Springer}
}

@book{sarndal2003model,
	title={Model assisted survey sampling},
	author={S{\"a}rndal, Carl-Erik and Swensson, Bengt and Wretman, Jan},
	year={2003},
	publisher={Springer Science \& Business Media}
}

@book{coulombeau2013math,
	title={Math{\'e}matiques MPSI-PCSI: Programme 2013 avec algorithmique en Scilab},
	author={Coulombeau, F. and Debeaumarch{\'e}, G. and David, B. and Dorra, F. and Dupont, S. and Hochart, M.},
	isbn={9782744076527},
	series={Cap Pr{\'e}pa},
	year={2013},
	publisher={Pearson}
}

@book{matloff2017statistical,
	title={Statistical Regression and Classification: From Linear Models to Machine Learning},
	author={Matloff, N.},
	isbn={9781351645898},
	series={Chapman \& Hall/CRC Texts in Statistical Science},
	year={2017},
	publisher={CRC Press}
}

@book{darlington2016regression,
	title={Regression Analysis and Linear Models: Concepts, Applications, and Implementation},
	author={Darlington, R.B. and Hayes, A.F.},
	isbn={9781462521135},
	lccn={2016034313},
	series={Methodology in the Social Sciences},
	year={2016},
	publisher={Guilford Publications}
}

@book{harrell2001regression,
	title={Regression Modeling Strategies: With Applications to Linear Models, Logistic Regression, and Survival Analysis},
	author={Harrell, F.E. and jrl, F.E.H.},
	isbn={9780387952321},
	lccn={20010205},
	series={Graduate Texts in Mathematics},
	url={https://books.google.cd/books?id=kfHrF-bVcvQC},
	year={2001},
	publisher={Springer}
}

@article{krizhevsky2012imagenet,
	title={Imagenet classification with deep convolutional neural networks},
	author={Krizhevsky, Alex and Sutskever, Ilya and Hinton, Geoffrey E},
	journal={Advances in neural information processing systems},
	volume={25},
	year={2012}
}

@book{goodfellow2016deep,
	title={Deep Learning},
	author={Goodfellow, I. and Bengio, Y. and Courville, A.},
	isbn={9780262035613},
	lccn={2016022992},
	series={Adaptive Computation and Machine Learning series},
	year={2016},
	publisher={MIT Press}
}

@book{alpaydin2010introduction,
	title={Introduction to Machine Learning},
	author={Alpaydin, E.},
	isbn={9780262012430},
	lccn={2004109627},
	series={Adaptive computation and machine learning},
	year={2010},
	publisher={MIT Press}
}

@article{tammina2019transfer,
	title={Transfer learning using VGG-16 with deep convolutional neural network for classifying images},
	author={Tammina, Srikanth},
	journal={International Journal of Scientific and Research Publications (IJSRP)},
	volume={9},
	number={10},
	pages={143--150},
	year={2019}
}

@article{simonyan2014very,
	title={Very deep convolutional networks for large-scale image recognition},
	author={Simonyan, Karen and Zisserman, Andrew},
	journal={arXiv preprint arXiv:1409.1556},
	year={2014}
}

@article{shin2016deep,
	title={Deep convolutional neural networks for computer-aided detection: CNN architectures, dataset characteristics and transfer learning},
	author={Shin, Hoo-Chang and Roth, Holger R and Gao, Mingchen and Lu, Le and Xu, Ziyue and Nogues, Isabella and Yao, Jianhua and Mollura, Daniel and Summers, Ronald M},
	journal={IEEE transactions on medical imaging},
	volume={35},
	number={5},
	pages={1285--1298},
	year={2016},
	publisher={IEEE}
}

@article{pretorius2018critical,
	title={Critical initialisation for deep signal propagation in noisy rectifier neural networks},
	author={Pretorius, Arnu and Van Biljon, Elan and Kroon, Steve and Kamper, Herman},
	journal={Advances in Neural Information Processing Systems},
	volume={31},
	year={2018}
}


@book{sarkar2017practical,
	title={Practical Machine Learning with Python: A Problem-Solver's Guide to Building Real-World Intelligent Systems},
	author={Sarkar, D. and Bali, R. and Sharma, T.},
	isbn={9781484232071},
	year={2017},
	publisher={Apress}
}

@book{geron2017hands,
	title={Hands-on Machine Learning with Scikit-Learn and TensorFlow: Concepts, Tools, and Techniques to Build Intelligent Systems},
	author={G{\'e}ron, A.},
	isbn={9781491962299},
	year={2017},
	publisher={O'Reilly Media}
}



@article{burges2006learning,
	title={Learning to rank with nonsmooth cost functions},
	author={Burges, Christopher and Ragno, Robert and Le, Quoc},
	journal={Advances in neural information processing systems},
	volume={19},
	year={2006}
}

@article{ruder2016overview,
	title={An overview of gradient descent optimization algorithms},
	author={Ruder, Sebastian},
	journal={arXiv preprint arXiv:1609.04747},
	year={2016}
}


@inproceedings{qi2017pointnet,
	title={Pointnet: Deep learning on point sets for 3d classification and segmentation},
	author={Qi, Charles R and Su, Hao and Mo, Kaichun and Guibas, Leonidas J},
	booktitle={Proceedings of the IEEE conference on computer vision and pattern recognition},
	pages={652--660},
	year={2017}
}

@inproceedings{yu2016visualizing,
	title={Visualizing and comparing AlexNet and VGG using deconvolutional layers},
	author={Yu, Wei and Yang, Kuiyuan and Bai, Yalong and Xiao, Tianjun and Yao, Hongxun and Rui, Yong},
	booktitle={Proceedings of the 33 rd International Conference on Machine Learning},
	year={2016}
}


@book{benner2015numerical,
	title={Numerical Algebra, Matrix Theory, Differential-Algebraic Equations and Control Theory: Festschrift in Honor of Volker Mehrmann},
	author={Benner, P. and Bollh{\"o}fer, M. and Kressner, D. and Mehl, C. and Stykel, T.},
	isbn={9783319152608},
	url={https://books.google.cd/books?id=MilACQAAQBAJ},
	year={2015},
	publisher={Springer International Publishing}
}

@book{bierlaire2006introduction,
	title={Introduction {\`a} l'optimisation diff{\'e}rentiable},
	author={Bierlaire, M.},
	isbn={9782880746698},
	series={Enseignement des math{\'e}matiques},
	url={https://books.google.cd/books?id=HK55T5x2bygC},
	year={2006},
	publisher={Presses polytechniques et universitaires romandes}
}

@article{bosman2020visualising,
	title={Visualising basins of attraction for the cross-entropy and the squared error neural network loss functions},
	author={Bosman, Anna Sergeevna and Engelbrecht, Andries and Helbig, Mard{\'e}},
	journal={Neurocomputing},
	volume={400},
	pages={113--136},
	year={2020},
	publisher={Elsevier}
}

@article{ernst2014stochastic,
	title={Stochastic gradient descent learning and the backpropagation algorithm},
	author={Ernst, Oliver K},
	journal={University of California, San Diego, La Jolla, CA, Tech. Rep},
	year={2014}
}