@inproceedings{friess1999kernel,
	title={A kernel based adaline.},
	author={Frie{\ss}, Thilo-Thomas and Harrison, Robert F},
	booktitle={ESANN},
	volume={72},
	pages={21--23},
	year={1999},
	organization={Citeseer}
}

@phdthesis{ahadjitse2013reconnaissance,
	title={Reconnaissance d'objets en mouvement dans la vid{\'e}o par description g{\'e}om{\'e}trique et apprentissage supervis{\'e}},
	author={Ahadjitse, Yaovi},
	year={2013},
	school={Universit{\'e} du Qu{\'e}bec en Outaouais}
}
@book{bierlaire2006introduction,
	title={Introduction {\`a} l'optimisation diff{\'e}rentiable},
	author={Bierlaire, M.},
	isbn={9782880746698},
	series={Enseignement des math{\'e}matiques},
	url={https://books.google.cd/books?id=HK55T5x2bygC},
	year={2006},
	publisher={Presses polytechniques et universitaires romandes}
}