% This file was created with JabRef 2.8.1.
% Encoding: Cp1252


@misc{frwiki:187943030,
	author = "Wikipédia",
	title = "Variateur électronique de vitesse --- Wikipédia{,} l'encyclopédie libre",
	year = "2021",
	url = "http://fr.wikipedia.org/w/index.php?title=Variateur_%C3%A9lectronique_de_vitesse&oldid=187943030",
	note = "[En ligne; Page disponible le 12-novembre-2021]"
}