

@misc{frwiki:187943030,
	author = "Wikipédia",
	title = "Variateur électronique de vitesse --- Wikipédia{,} l'encyclopédie libre",
	year = "2021",
	note = "[En ligne; Page disponible le 12-novembre-2021]"
}

@ARTICLE{knuth:1974,
	author = {Knuth, Donald E.},
	title = {{C}omputer {P}rogramming as an {A}rt},
	journal = {Communications of the ACM},
	year = {1974},
	volume = {17},
	pages = {667--673},
	number = {12},
	address = {New York, NY, USA},
	publisher = {ACM Press}
}



@BOOK{sommerville:1992,
	title = {{S}oftware {E}ngineering},
	publisher = {Addison-Wesley},
	year = {2015},
	author = {Ian Sommerville},
	address = {Boston, MA, USA},
	edition = {10th}
}

@BOOK{simatic1500:2021,
	title = {SIMATIC S7-1500, 200MP ET 200SP Configurations CM PtP pour des couplages point à point},
	publisher = {SIEMENS AG Digital Industries},
	year = {2021},
	author = {SIEMENS AG},
	address = {90026 Nürnberg Allemagne},
	edition = {10th}
}

@BOOK{simatic300:2013,
	title = {S7-300 Système d'automatisation S7-300 Caractéristiques des modules},
	publisher = {SIEMENS AG Digital Industries},
	year = {2013},
	author = {SIEMENS AG},
	address = {90026 Nürnberg Allemagne},
	edition = {10th}
}

@BOOK{simaticGuideline:2017,
	title = {Programming Guideline for S7-1200/S7-1500},
	publisher = {SIEMENS AG Digital Industries},
	year = {2017},
	author = {SIEMENS AG},
	address = {90026 Nürnberg Allemagne},
	edition = {10th}
}

